@article{efron_tibshirani_1996, title={Using specially designed exponential families for density estimation}, volume={24}, DOI={10.1214/aos/1032181161}, number={6}, journal={The Annals of Statistics}, author={Efron, Bradley and Tibshirani, Robert}, year={1996}, pages={2431–2461}}

@article{efron_2008, title={Microarrays, Empirical Bayes and the Two-Groups Model}, volume={23}, DOI={10.1214/07-sts236}, number={1}, journal={Statistical Science}, author={Efron, Bradley}, year={2008}, pages={1–22}}

